%% This BibTeX bibliography file was created using BibDesk.
%% http://bibdesk.sourceforge.net/


%% Created for Shota Gugushvili at 2018-04-14 12:59:47 +0200 


%% Saved with string encoding Unicode (UTF-8) 

@article{berger94,
	title = {Removing noise from music using local trigonometric bases and wavelet packets},
	author = {Berger, J. and Coifman, R. R. and Goldberg, M. J.},
	journal = {J. Audio Eng. Soc},
	volume = {42},
	number = {10},
	pages = {808--818},
	year = {1994}
}

@book {percival00,
	AUTHOR = {Percival, D. B. and Walden, A. T.},
	TITLE = {Wavelet methods for time series analysis},
	SERIES = {Cambridge Series in Statistical and Probabilistic Mathematics},
	VOLUME = {4},
	PUBLISHER = {Cambridge University Press, Cambridge},
	YEAR = {2000},
	PAGES = {xxvi+594},
	ISBN = {0-521-64068-7},
	MRCLASS = {62M10 (42C40 62G08)},
	MRNUMBER = {1770693},
	DOI = {10.1017/CBO9780511841040}
}

@article{johnstone05,
	Author = {Johnstone, I. M. and Silverman, B. W.},
	Doi = {10.1214/009053605000000345},
	Fjournal = {The Annals of Statistics},
	Journal = {Ann. Statist.},
	Number = {4},
	Pages = {1700--1752},
	Title = {Empirical {B}ayes selection of wavelet thresholds},
	Url = {https://doi.org/10.1214/009053605000000345},
	Volume = {33},
	Year = {2005}
}

@article{wolfe04,
	Author = {Wolfe, P. J. and Godsill, S. J. and Ng, W.-J.},
	Doi = {10.1111/j.1467-9868.2004.02052.x},
	Fjournal = {Journal of the Royal Statistical Society. Series B. Statistical Methodology},
	Issn = {1369-7412},
	Journal = {J. R. Stat. Soc. Ser. B Stat. Methodol.},
	Mrclass = {62C10 (62M10 62M40)},
	Mrnumber = {2088291},
	Number = {3},
	Pages = {575--589},
	Title = {Bayesian variable selection and regularization for time-frequency surface estimation},
	Url = {https://doi.org/10.1111/j.1467-9868.2004.02052.x},
	Volume = {66},
	Year = {2004},
	Bdsk-Url-1 = {https://doi.org/10.1111/j.1467-9868.2004.02052.x},
	Bdsk-Url-2 = {http://dx.doi.org/10.1111/j.1467-9868.2004.02052.x}
}

@inproceedings{godsill07,
	Author = {Godsill, S. J. and Cemgil, A. T. and F\'evotte, C. and Wolfe, P. J.},
	Booktitle = {15th {E}uropean {S}ignal {P}rocessing {C}onference ({EURASIP})},
	Pages = {345--349},
	Title = {Bayesian computational methods for sparse audio and music processing},
	Year = {2007}
}